<record><leader>00000cas a2200000 a 4500</leader><controlfield tag="001">27358869</controlfield><controlfield tag="008">930202d193419uuiluwr ne      0   a0eng c</controlfield><datafield ind1=" " ind2=" " tag="010"><subfield code="a">sn 93055576 </subfield></datafield><datafield ind1=" " ind2=" " tag="040"><subfield code="a">NVF</subfield><subfield code="b">eng</subfield><subfield code="c">NVF</subfield><subfield code="d">OCLCQ</subfield><subfield code="d">NVF</subfield><subfield code="d">OCLCQ</subfield><subfield code="d">NVF</subfield><subfield code="d">OCLCO</subfield><subfield code="d">NVF</subfield><subfield code="d">OCLCF</subfield></datafield><datafield ind1=" " ind2=" " tag="042"><subfield code="a">pcc</subfield></datafield><datafield ind1=" " ind2=" " tag="043"><subfield code="a">n-us-il</subfield></datafield><datafield ind1="0" ind2=" " tag="130"><subfield code="a">New Haven herald (New Haven, Ill.)</subfield></datafield><datafield ind1="1" ind2="4" tag="245"><subfield code="a">The New Haven herald.</subfield></datafield><datafield ind1=" " ind2=" " tag="260"><subfield code="a">New Haven, Gallatin County, Ill. :</subfield><subfield code="b">Ralph Clippinger,</subfield><subfield code="c">1934-[19--?]</subfield></datafield><datafield ind1=" " ind2=" " tag="300"><subfield code="a">v.</subfield></datafield><datafield ind1=" " ind2=" " tag="310"><subfield code="a">Weekly</subfield></datafield><datafield ind1="0" ind2=" " tag="362"><subfield code="a">Vol. 1, no. 1 (Dec. 6, 1934)-</subfield></datafield><datafield ind1=" " ind2=" " tag="580"><subfield code="a">Other eds. available: Equality times (Equality, Ill.), and: Omaha advocate, and: Shawneetown press, and: Ridgway journal, and: Junction monitor.</subfield></datafield><datafield ind1=" " ind2=" " tag="588"><subfield code="a">Latest issue consulted: Jan. 3, 1935.</subfield></datafield><datafield ind1=" " ind2="0" tag="651"><subfield code="a">New Haven (Ill.)</subfield><subfield code="v">Newspapers.</subfield></datafield><datafield ind1=" " ind2="7" tag="655"><subfield code="a">Newspapers.</subfield><subfield code="2">fast</subfield><subfield code="0">(OCoLC)fst01423814</subfield></datafield><datafield ind1=" " ind2="7" tag="651"><subfield code="a">Illinois</subfield><subfield code="z">New Haven.</subfield><subfield code="2">fast</subfield><subfield code="0">(OCoLC)fst01887611</subfield></datafield><datafield ind1=" " ind2=" " tag="752"><subfield code="a">United States</subfield><subfield code="b">Illinois</subfield><subfield code="c">Gallatin</subfield><subfield code="d">New Haven.</subfield></datafield><datafield ind1="1" ind2=" " tag="775"><subfield code="t">Equality times (Equality, Ill.)</subfield><subfield code="w">(DLC)sn 93055575</subfield><subfield code="w">(OCoLC)27353532</subfield></datafield><datafield ind1="1" ind2=" " tag="775"><subfield code="t">Omaha advocate</subfield><subfield code="w">(DLC)sn 93055573</subfield><subfield code="w">(OCoLC)27352555</subfield></datafield><datafield ind1="1" ind2=" " tag="775"><subfield code="t">Shawneetown press</subfield><subfield code="w">(DLC)sn 87082361</subfield><subfield code="w">(OCoLC)15321093</subfield></datafield><datafield ind1="1" ind2=" " tag="775"><subfield code="t">Ridgway journal</subfield><subfield code="w">(DLC)sn 93055577</subfield><subfield code="w">(OCoLC)27359057</subfield></datafield><datafield ind1="1" ind2=" " tag="775"><subfield code="t">Junction monitor</subfield><subfield code="w">(DLC)sn 93055578</subfield><subfield code="w">(OCoLC)27359145</subfield></datafield></record>